% Bibliografía

% Este fichero contiene la bibliografía de la memoria
% Está en un formato que se conoce como BibTex.
% Hay muchos sitios web que exportan referencias en formato BibTeX.
% Prueba a buscar en http://scholar.google.com por referencias
% y verás que lo puedes hacer de manera sencilla.
% Más información:
% http://texblog.org/2014/04/22/using-google-scholar-to-download-bibtex-citations/

% Existen varias posibilidades para referenciar diferentes tipos de documentos,
% ya que los datos necesarios varían. Así, existen formatos de entrada para
%     * libros (book)
%     * artículos en revistas de investigación (article)
%     * capítulos de libro (incollection)
%     * informes técnicos (techreport)
%     * otros (misc)
%
% Las páginas web deberían ir como misc.

% Una última cosa: no referencias nunca la WikiPedia
% La WikiPedia, como buena enciclopedia, no es fuente primaria.
% Si acaso, busca por citas en la WikiPedia (que sí ha de referenciar fuentes
% primarias) y haz referencia a las mismas.

@Book{bonabeau:_swarm,
  author = 	 {Eric Bonabeau and Marco Dorigo and Guy Theraulaz},
  title = 	 {Swarm Intelligence: From Natural to Articial Systems},
  publisher = 	 {Oxford University Press, Inc.},
  year = 	 1999
}

@Article{parnas72:_modules,
 author = {David L. Parnas},
 title = {On the criteria to be used in decomposing systems into modules},
 journal = CACM,
 volume = 15,
 year = 1972,
 pages = {1053-1058}
}

@InCollection{GBarahona04:_debian,
   author =       {González-Barahona, Jesús M. and Robles, Gregorio and
                   Ortuño Pérez, Miguel and Rodero-Merino, Luis and
                   Centeno González, José and Matellan-Olivera, Vicente and
                   Castro-Barbero, Eva and de-las-Heras-Quirós, Pedro},
   title =        {Analyzing the anatomy of {GNU/L}inux distributions:
                   methodology and case studies ({R}ed {H}at and {D}ebian)},
   pages =        {27-58},
   editor =       {Koch, Stefan},
   booktitle =    {Free/Open Source Software Development},
   publisher =    {Idea Group Publishing},
   address =      {Hershey, Pennsylvania, USA},
   year =         {2004},
}

@TechReport{ghosh02:_developer_survey,
  author = 	 {Rishab Aiyer Ghosh and Ruediger Glott and Bernhard Krieger and Gregorio Robles},
  title = 	 {Survey of Developers (Free/Libre and Open Source Software: Survey and Study)},
  institution =  {International Institute of Infonomics. University of Maastricht},
  year = 	 2002,
  address =	 {The Netherlands},
  month =	 jun,
  note =	 {\\ http://www.infonomics.nl/FLOSS/report}
}

@Misc{wheeler01:_more_than_gigab,
  author =	 {David A. Wheeler},
  title =	 {More Than a Gigabuck: {E}stimating {GNU/L}inux's Size},
  month =	 jun,
  year =	 2001,
  note =	 {\\ http://www.dwheeler.com/sloc/redhat71-v1/redhat71sloc.html}
}

@InProceedings{Gousi13,
  author = {Gousios, Georgios},
  title = {The {GHTorrent dataset} and tool suite},
  booktitle = {Proceedings of the 10th Working Conference on Mining Software
    Repositories},
  series = {MSR '13},
  year = {2013},
  isbn = {978-1-4673-2936-1},
  location = {San Francisco, CA, USA},
  pages = {233--236},
  numpages = {4},
  url = {http://dl.acm.org/citation.cfm?id=2487085.2487132},
  acmid = {2487132},
  publisher = {IEEE Press},
  address = {Piscataway, NJ, USA},
}

@inproceedings{Gousios:2014:LGG:2597073.2597126,
 author = {Gousios, Georgios and Vasilescu, Bogdan and Serebrenik, Alexander and Zaidman, Andy},
 title = {Lean GHTorrent: GitHub Data on Demand},
 booktitle = {Proceedings of the 11th Working Conference on Mining Software Repositories},
 series = {MSR 2014},
 year = {2014},
 isbn = {978-1-4503-2863-0},
 location = {Hyderabad, India},
 pages = {384--387},
 numpages = {4},
 url = {http://doi.acm.org/10.1145/2597073.2597126},
 doi = {10.1145/2597073.2597126},
 acmid = {2597126},
 publisher = {ACM},
 address = {New York, NY, USA},
 keywords = {GitHub, data on demand, dataset},
}

@inproceedings{hebig2016quest,
  title={The quest for {O}pen {S}ource projects that use {UML}: {M}ining {GitHub}},
  author={Hebig, Regina and Quang, Truong Ho and Chaudron, Michel R. V. and Robles, Gregorio and Fernandez, Miguel Angel},
  booktitle={Proceedings 19th International Conference on Model Driven Engineering Languages and Systems},
  pages={173--183},
  year={2016}
}

@article{robles2009tools,
  title={Tools for the study of the usual data sources found in libre software projects},
  author={Robles, Gregorio and Gonz{\'a}lez-Barahona, Jes{\'u}s M and Izquierdo-Cortazar, Daniel and Herraiz, Israel},
  journal={International Journal of Open Source Software and Processes},
  volume={1},
  number={1},
  pages={24--45},
  year={2009},
  publisher={IGI Global, 701 E. Chocolate Ave. Hershey PA 17033}
}

@inproceedings{hoquang2014,
 author = {Ho-Quang, Truong and Chaudron, Michel R. V. and Sam\'{u}elsson, Ingimar and Hjaltason, J\'{o}el and Karasneh, Bilal and Osman, Hafeez},
 title = {Automatic Classification of {UML} Class Diagrams from Images},
 booktitle = {Proceedings of the 2014 21st Asia-Pacific Software Engineering Conference - Volume 01},
 year = {2014},
 isbn = {978-1-4799-7426-9},
 pages = {399--406},
 numpages = {8},
 acmid = {2758005},
 keywords = {Software Engineering, UML, UML class diagram, classification, machine learning, feature extraction}
}

@article{robles2006beyond,
  title={Beyond source code: the importance of other artifacts in software development (a case study)},
  author={Robles, Gregorio and Gonzalez-Barahona, Jesus M and Merelo, Juan Julian},
  journal={Journal of Systems and Software},
  volume={79},
  number={9},
  pages={1233--1248},
  year={2006},
  publisher={Elsevier}
}

BibTeX | EndNote | ACM Ref

@inproceedings{Vasilescu:2014:SDH:2556420.2556833,
author = {Vasilescu, Bogdan},
title = {Software Developers Are Humans, Too!},
booktitle = {Proceedings of the Companion Publication of the 17th ACM Conference on Computer Supported Cooperative Work and Social Computing},
series = {CSCW Companion '14},
year = {2014},
isbn = {978-1-4503-2541-7},
location = {Baltimore, Maryland, USA},
pages = {97--100},
numpages = {4},
url = {http://doi.acm.org/10.1145/2556420.2556833},
doi = {10.1145/2556420.2556833},
acmid = {2556833},
publisher = {ACM},
address = {New York, NY, USA},
keywords = {human aspects, open-source, software developers},
}

@inproceedings{duenas18:perceval,
author = {Santiago Dueñas and Valerio Cosentino and Gregorio Robles and Jesus M. Gonzalez-Barahona},
title = {Perceval: Software Project Data at Your Will},
booktitle = {Proceedings of the 40th Intl Conference on Software Engineering},
series = {ICSE'18},
year = {2018},
numpages = {4}
}

@inproceedings{kalliamvakou2014promises,
  title={The promises and perils of mining github},
  author={Kalliamvakou, Eirini and Gousios, Georgios and Blincoe, Kelly and Singer, Leif and German, Daniel M and Damian, Daniela},
  booktitle={Proceedings of the 11th working conference on mining software repositories},
  pages={92--101},
  year={2014},
  organization={ACM}
}

@article{tepper2003rise,
  title={The rise of social software},
  author={Tepper, Michele},
  journal={NetWorker},
  volume={7},
  number={3},
  pages={18--23},
  year={2003},
  publisher={ACM}
}

@article{moreno2016examining,
  title={Examining the Relationship between Socialization and Improved Software Development Skills in the Scratch Code Learning Environment.},
  author={Moreno-Le{\'o}n, Jes{\'u}s and Robles, Gregorio and Rom{\'a}n-Gonz{\'a}lez, Marcos},
  journal={J. UCS},
  volume={22},
  number={12},
  pages={1533--1557},
  year={2016}
}

@book{rumbaugh2004unified,
  title={Unified modeling language reference manual, the},
  author={Rumbaugh, James and Jacobson, Ivar and Booch, Grady},
  year={2004},
  publisher={Pearson Higher Education}
}

@article{chaudron2012effective,
  title={How effective is UML modeling?},
  author={Chaudron, Michel RV and Heijstek, Werner and Nugroho, Ariadi},
  journal={Software \& Systems Modeling},
  volume={11},
  number={4},
  pages={571--580},
  year={2012},
  publisher={Springer}
}

@inproceedings{van2007python,
  title={Python Programming Language.},
  author={Van Rossum, Guido and others},
  booktitle={USENIX Annual Technical Conference},
  volume={41},
  pages={36},
  year={2007}
}


@article{ruparelia2010history,
  title={The history of version control},
  author={Ruparelia, Nayan B},
  journal={ACM SIGSOFT Software Engineering Notes},
  volume={35},
  number={1},
  pages={5--9},
  year={2010},
  publisher={ACM}
}


@book{somasundaram2013git,
  title={Git: Version control for everyone},
  author={Somasundaram, Ravishankar},
  year={2013},
  publisher={Packt Publishing Ltd}
}

@inproceedings{dabbish2012social,
  title={Social coding in GitHub: transparency and collaboration in an open software repository},
  author={Dabbish, Laura and Stuart, Colleen and Tsay, Jason and Herbsleb, Jim},
  booktitle={Proceedings of the ACM 2012 conference on Computer Supported Cooperative Work},
  pages={1277--1286},
  year={2012},
  organization={ACM}
}

@inproceedings{ho2017practices,
  title={Practices and perceptions of UML use in open source projects},
  author={Ho-Quang, Truong and Hebig, Regina and Robles, Gregorio and Chaudron, Michel RV and Fernandez, Miguel Angel},
  booktitle={Software Engineering: Software Engineering in Practice Track (ICSE-SEIP), 2017 IEEE/ACM 39th International Conference on},
  pages={203--212},
  year={2017},
  organization={IEEE}
}

@inproceedings{robles2017extensive,
  title={An extensive dataset of UML models in GitHub},
  author={Robles, Gregorio and Ho-Quang, Truong and Hebig, Regina and Chaudron, Michel RV and Fernandez, Miguel Angel},
  booktitle={Proceedings of the 14th International Conference on Mining Software Repositories},
  pages={519--522},
  year={2017},
  organization={IEEE Press}
}

@book{progit2014book,
    author    = {Chacon, Scott and Straub, Ben},
    title     = {Pro Git},
    publisher = {Apress},
    edition  = {Second},
    year      = {2014}
}
